% This file was created with Citavi 6.11.0.0

@book{Carnegie.1981,
 abstract = {This new edition of the most influential self-help book of the last century has been updated under the care of Dale's daughter, Donna, introducing changes that keep the book fresh for today's readers, with priceless material restored from the original 1936 text.},
 author = {Carnegie, Dale},
 year = {1981},
 title = {How to win friends and influence people: Updated for the next generation of leaders},
 address = {New York},
 publisher = {{Simon {\&} Schuster}},
 isbn = {9781982171452}
}


